@ONLINE{
	codeRepo,
	author = {Kr√ºger, N. and Appelhoff, S. and Jablonski, K. P. and Lal, S. and Wiesing, T. and Zhang, M.},
	title = {LetTheDnaSpeak},
	year = {2014},
	url = {https://github.com/kpj/LetTheDnaSpeak}
}

@ONLINE{
	codonSun,
	author = {Ymous, A.},
	title = {More Non-Random DNA Wonders},
	year = {2013},
	url = {http://iaincarstairs.wordpress.com/2011/12/26/more-non-random-dna-wonders/}
}

@ARTICLE {
	sickle_cells,
	author = {Allison, A.},
	title = {Protection afforded by sickle-cell trait against subtertian malarial infection},
 	journal = {British Medical Journal},
	year = {1954},
	pages = {290--294},
}

@ARTICLE {
	more_sickles, 
	author = {Platt, O. S. and Donald, M. D. and Brambilla, J. and Rosse, W. F. and Milner, P. F. and Castro, O. and Klug, P. P.}, 
	title = {Mortality in sickle cell disease: life expectancy and risk factors for early death}, 
	year = {1994}, 
	journal = {The New England Journal of Medicine}, 
	number = {330}
}