@ONLINE{libs:timbrejs,
	author = {Yonamine, N.},
	title = {timbre.js},
	year = {2012},
	url = {http://mohayonao.github.io/timbre.js/}
}

@ONLINE{libs:midijs,
	author = {MIDI.js Authors},
	title = {MIDI.js},
	year = {2013},
	url = {https://github.com/mudcube/MIDI.js}
}

@ONLINE{site:letthednaspeak,
	title = {Let The DNA Speak},
	year = {2014}, 
	month = mar, 
	url = {http://letthednaspeak.tk/}
}

@ONLINE{site:ena,
	title = {European Nucleotide Archive},
	year = {2014},
	month = mar, 
	url = {http://www.ebi.ac.uk/ena/}
}

@ONLINE {
	inter_facts_dna,
	author = {Faas, C.},
	title = {17 interesting facts about DNA},
	month = mar,
	year = {2014},
	url = {http://holykaw.alltop.com/17-interesting-facts-about-dna}
}

@ONLINE {
	inter_facts_dna2,
	author = {Helmenstine, A.M.},
	title = {10 Interesting DNA Facts},
	month = mar,
	year = {2014},
	url = {http://chemistry.about.com/od/lecturenoteslab1/a/10-Interesting-Dna-Facts.htm}
}

@ONLINE {
	bbc_sonification,
	author = {BBC},
	title = {Sonification: Representing data through music},
	month = mar,
	year = {2014},
	url = {http://www.bbc.com/news/magazine-25975712}
}

@BOOK {
	sonification_handbook,
	author = {Hermann, T. and Hunt A. and Neuhoff, J.D.},
 	publisher = {Logos Publishing House},
	year = {2011},
	address = {Berlin},
	ISBN = {978-3-8325-2819-5}
}

@BOOK {
	laurence_1989, 
	author = {Laurence M. Harwood, Christopher J. Moody}, 
	title = {Experimental organic chemistry: Principles and Practice}, 
	year = {1989}, 
	publisher = {Wiley-Blackwell}, 
	pages = {180--185},
	ISBN = {978-0-632-02017-1}
}

@ARTICLE {
	fast_loud, 
	author = {Thompson, W.F. and Schellenberg, E.G. and Letnic, A.K.}, 
	title = { Fast and loud background music disrupts reading comprehension. }, 
	year = {2012}, 
	journal = {Psychology of Music}, 
	number = {40}, 
	pages = {700--708}
}

@ARTICLE {
	baddley_2003, 
	author = {Baddeley, A.}, 
	title = {Working memory: Looking back and looking forward.}, 
	year = {2003}, 
	journal = {Nature Reviews Neuroscience}, 
	number = {4}, 
	pages = {829--839}
}

@ARTICLE {
	peretez_colthearth_2003, 
	author = {Peretz, I. and Coltheart, M.}, 
	title = {Modularity of music processing. }, 
	year = {2003}, 
	journal = {Nature Neuroscience}, 
	number = {6}, 
	pages = {688--691}
}

@ARTICLE {
	Alzahabi_Becker_2013, 
	author = {Alzahabo, R. and Becker, M.W.}, 
	title = {The association between media multitasking, task-switching, and dual-task performance}, 
	year = {2013}, 
	journal = {Journal of Experimental Psychology: Human Perception and Performance}, 
	number = {39}, 
	pages = {1485--1495}
}

@ARTICLE {
	Draganski_May_2008, 
	author = {Draganski, B. and May, A.}, 
	title = {Training-induced structural changes in the adult human brain. }, 
	year = {2008}, 
	journal = {Behavioural Brain Research}, 
	number = {192}, 
	pages = {137--142}
}

@ARTICLE {
	Vizard_Perham_2010, 
	author = {Perham, N. and Vizard, J.}, 
	title = {Can preference for background music mediate the irrelevant sound effect? }, 
	year = {2010}, 
	journal = {Applied Cognitive Psychology}, 
	number = {25}, 
	pages = {625--631}
}


@ARTICLE {
	Carretti_Borella_Cornoldi_De_Beni_2009, 
	author = {Carretti, B. and Borella, E. and Cornoldi, C. and De Beni, R.}, 
	title = {Role of working memory in explaining the performance of individuals with specific reading comprehension difficulties: A meta-analysis.}, 
	year = {2009}, 
	journal = {Learning and Individual Differences}, 
	number = {2}, 
	pages = {246--251}
}
