@ONLINE{libs:timbrejs,
	author = {yonamine, nao},
	title = {timbre.js},
	year = {2012},
	url = {http://mohayonao.github.io/timbre.js/}
}

@ONLINE{libs:midijs,
	author = {MIDI.js Authors},
	title = {MIDI.js},
	year = {2010-2013},
	url = {https://github.com/mudcube/MIDI.js}
}


@ONLINE{site:letthednaspeak,
	title = {Let The DNA Speak},
	year = {2014},
	url = {http://letthednaspeak.tk/}
}

@ONLINE{site:ena,
	title = {European Nucleotide Archive},
	year = {2014},
	url = {http://www.ebi.ac.uk/ena/}
}