@ONLINE {
	embl_ebi_ena,
	author = {EMBL-EBI},
	title = {European Nucleotide Archive},
	month = mar,
	year = {2014},
	url = {http://www.ebi.ac.uk/ena/}
}

@ONLINE {
	inter_facts_dna,
	author = {Catherine Faas},
	title = {17 interesting facts about DNA},
	month = mar,
	year = {2014},
	url = {http://holykaw.alltop.com/17-interesting-facts-about-dna}
}

@ONLINE {
	inter_facts_dna2,
	author = {Anne Marie Helmenstine},
	title = {10 Interesting DNA Facts},
	month = mar,
	year = {2014},
	url = {http://chemistry.about.com/od/lecturenoteslab1/a/10-Interesting-Dna-Facts.htm}
}

@ONLINE {
	bbc_sonification,
	author = {BBC},
	title = {Sonification: Representing data through music},
	month = mar,
	year = {2014},
	url = {http://www.bbc.com/news/magazine-25975712}
}

@BOOK {
	sonification_handbook,
	author = {Thomas Hermann, Andy Hunt, John G. Neuhoff},
	title = {The Sonification Handbook},
	publisher = {Logos Publishing House},
	year = {2011},
	address = {Berlin},
	ISBN = {978-3-8325-2819-5}
}